<?xml version="1.0" encoding="UTF-8"?><collection xmlns="http://www.loc.gov/MARC21/slim"><record><leader>00378nam--2200109-i-4500</leader><controlfield tag="001">000013505</controlfield><controlfield tag="002">20161230</controlfield><controlfield tag="005">20161230201030</controlfield><controlfield tag="008">060222s1000------------r-----000-0-eng-d</controlfield><datafield ind1=" " ind2=" " tag="245"><subfield code="a">Collection securite. (safety series) edition revisee de 1973. nr.6: reglement de transport des matieres radioactives</subfield></datafield><datafield ind1=" " ind2=" " tag="260"><subfield code="a">Vienne, Agence Internationale De L Energie Ato Mique, 1981</subfield></datafield><datafield ind1=" " ind2=" " tag="490"><subfield code="a">179p</subfield></datafield></record></collection>